@article{rueden2017imagej2,
  title={ImageJ2: ImageJ for the next generation of scientific image data},
  author={Rueden, Curtis T and Schindelin, Johannes and Hiner, Mark C and DeZonia, Barry E and Walter, Alison E and Arena, Ellen T and Eliceiri, Kevin W},
  journal={BMC bioinformatics},
  volume={18},
  pages={1--26},
  year={2017},
  publisher={Springer}
}
@book{broeke2015image,
  title={Image processing with ImageJ},
  author={Broeke, Jurjen and P{\'e}rez, Jos{\'e} Mar{\'\i}a Mateos and Pascau, Javier},
  year={2015},
  publisher={Packt Publishing Ltd}
}
@article{schroeder2021imagej,
  title={The ImageJ ecosystem: Open-source software for image visualization, processing, and analysis},
  author={Schroeder, Alexandra B and Dobson, Ellen TA and Rueden, Curtis T and Tomancak, Pavel and Jug, Florian and Eliceiri, Kevin W},
  journal={Protein Science},
  volume={30},
  number={1},
  pages={234--249},
  year={2021},
  publisher={Wiley Online Library}
}
@article{schindelin2012fiji,
  title={Fiji: an open-source platform for biological-image analysis},
  author={Schindelin, Johannes and Arganda-Carreras, Ignacio and Frise, Erwin and Kaynig, Verena and Longair, Mark and Pietzsch, Tobias and Preibisch, Stephan and Rueden, Curtis and Saalfeld, Stephan and Schmid, Benjamin and others},
  journal={Nature methods},
  volume={9},
  number={7},
  pages={676--682},
  year={2012},
  publisher={Nature Publishing Group US New York}
}
@article{schneider2012nih,
  title={NIH Image to ImageJ: 25 years of image analysis},
  author={Schneider, Caroline A and Rasband, Wayne S and Eliceiri, Kevin W},
  journal={Nature methods},
  volume={9},
  number={7},
  pages={671--675},
  year={2012},
  publisher={Nature Publishing Group}
}
@article{mutterer2017custom,
  title={Custom toolbars and mini applications with Action Bar},
  author={Mutterer, J{\'e}r{\^o}me},
  journal={Figshare},
  volume={10},
  pages={m9},
  year={2017}
}
@software{swofford_2021_4426484,
  author       = {Swofford, Henry},
  title        = {FRStat Software},
  month        = jan,
  year         = 2021,
  publisher    = {Zenodo},
  version      = {2.1},
  doi          = {10.5281/zenodo.4426484},
  url          = {https://doi.org/10.5281/zenodo.4426484}
}
@article{swofford2018method,
  title={A method for the statistical interpretation of friction ridge skin impression evidence: Method development and validation},
  author={Swofford, Henry J and Koertner, AJ and Zemp, F and Ausdemore, M and Liu, A and Salyards, MJ},
  journal={Forensic science international},
  volume={287},
  pages={113--126},
  year={2018},
  publisher={Elsevier}
}
@article{soyoung,
  title={An algorithm to compare two-dimensional footwear outsole images using maximum cliques and speeded-up robust feature},
  author={Park, Soyoung and Carriquiry, Alicia},
  journal={Statistical Analysis and Data Mining: The ASA Data Science Journal},
  volume={13},
  number={2},
  pages={188--199},
  year={2020},
  publisher={Wiley Online Library}
}
@article{gvs1,
  title={Quantitative evaluation of footwear evidence: Initial workflow for an end-to-end system},
  author={Venkatasubramanian, Gautham and Hegde, Vighnesh and Lund, Steven P and Iyer, Hari and Herman, Martin},
  journal={Journal of Forensic Sciences},
  volume={66},
  number={6},
  pages={2232--2251},
  year={2021},
  publisher={Wiley Online Library}
}
@article{boots,
  title={Accuracy, reproducibility, and repeatability of forensic footwear examiner decisions},
  author={Hicklin, R Austin and McVicker, Brian C and Parks, Connie and LeMay, Jan and Richetelli, Nicole and Smith, Michael and Buscaglia, JoAnn and Perlman, Rebecca Schwartz and Peters, Eugene M and Eckenrode, Brian A},
  journal={Forensic Science International},
  volume={339},
  pages={111418},
  year={2022},
  publisher={Elsevier}
}
